@article{fraga_2003_inflation,
  author  = {Fraga, Arminio and Goldfajn, Ilan and Minella, André},
  month   = {01},
  pages   = {365-400},
  title   = {Inflation Targeting in Emerging Market Economies},
  doi     = {10.1086/ma.18.3585264},
  volume  = {18},
  year    = {2003},
  journal = {NBER Macroeconomics Annual}
}

@misc{a2024_metas,
  title        = {Metas para a Inflação - Banco Central do Brasil},
  url          = {https://www.bcb.gov.br/controleinflacao/metainflaca},
  urldate      = {2024-03-16},
  year         = {2024},
  organization = {www.bcb.gov.br}
}

@article{sics_2002_teoria,
  author  = {SICSÚ, JOÃO},
  month   = {03},
  pages   = {24-35},
  title   = {Teoria e Evidências do Regime de Metas Inflacionárias},
  doi     = {10.1590/0101-31572002-1269},
  urldate = {2023-02-06},
  volume  = {22},
  year    = {2002},
  journal = {Brazilian Journal of Political Economy}
}

@article{mishkin_2000_inflation,
  author  = {Mishkin, Frederic S},
  month   = {05},
  pages   = {105-109},
  title   = {Inflation Targeting for Emerging-Market Countries},
  doi     = {10.1257/aer.90.2.105},
  urldate = {2020-05-06},
  volume  = {90},
  year    = {2000},
  journal = {American Economic Review}
}

@article{svensson_1997_inflation,
  author  = {Svensson, Lars E.O.},
  month   = {06},
  pages   = {1111-1146},
  title   = {Inflation forecast targeting: Implementing and monitoring inflation targets},
  doi     = {10.1016/s0014-2921(96)00055-4},
  urldate = {2019-11-08},
  volume  = {41},
  year    = {1997},
  journal = {European Economic Review}
}

@book{olivierblanchard_2013_macroeconomics,
  author    = {Olivier Blanchard and Johnson, David R},
  publisher = {Pearson},
  title     = {Macroeconomics},
  year      = {2013}
}

@article{blinder_2008_the,
  author    = {Blinder, Alan S and Rudd, Jeremy B},
  month     = {01},
  pages     = {119-175},
  publisher = {National Bureau of Economic Research},
  title     = {The Supply-Shock Explanation of the Great Stagflation Revisited},
  urldate   = {2024-05-17},
  year      = {2008},
  journal   = {National Bureau of Economic Research}
}

@article{lopes_1985_inflao,
  author  = {Lopes, Francisco},
  month   = {04},
  title   = {Inflação inercial, hiperinflação e desinflação: notas e conjecturas},
  url     = {https://centrodeeconomiapolitica.org/repojs/index.php/journal/article/view/1850/1836},
  urldate = {2024-05-17},
  volume  = {5},
  year    = {1985},
  journal = {Textos para discussão}
}

@book{woodford_2009_interest,
  author    = {Woodford, Michael},
  publisher = {Princeton University Press},
  title     = {Interest and Prices : Foundations of a Theory of Monetary Policy.},
  year      = {2009}
}

@book{stock_2020_introduction,
  author    = {Stock, James H and Watson, Mark W},
  publisher = {Pearson Education Limited},
  title     = {Introduction to Econometrics},
  year      = {2020}
}

@book{hamilton_2020_time,
  author    = {Hamilton, James Douglas},
  publisher = {Princeton University Press},
  title     = {Time Series Analysis},
  year      = {2020}
}

@book{enders_2015_applied,
  author    = {Enders, Walter},
  publisher = {John Wiley and Sons, Inc.},
  title     = {Applied Econometric Time Series},
  year      = {2015}
}